@Article{muschelli2014reduction,
  title = {Reduction of motion-related artifacts in resting state fMRI using aCompCor},
  author = {John Muschelli and Mary Beth Nebel and Brian S Caffo and Anita D Barber and James J Pekar and Stewart H Mostofsky},
  journal = {Neuroimage},
  volume = {96},
  pages = {22--35},
  year = {2014},
  publisher = {Academic Press},
}

@Article{muschelli2014brainr,
  title = {brainR: Interactive 3 and 4d Images of High Resolution Neuroimage Data},
  author = {John Muschelli and Elizabeth Sweeney and Ciprian Crainiceanu},
  journal = {R Journal},
  volume = {6},
  number = {1},
  pages = {41--48},
  year = {2014},
}

@Article{muschelli2014binomial,
  title = {Binomial Regression in R},
  author = {John Muschelli and Joshua Betz and Ravi Varadhan},
  journal = {Handbook of Statistics: Computational Statistics with R},
  volume = {32},
  pages = {257},
  year = {2014},
  publisher = {Elsevier},
}

@PhdThesis{muschelli2010iterative,
  title = {An Iterative Approach to Hemodynamic Response Function Temporal Derivatives in Statistical Parametric Mapping for Functional Neuroimaging},
  author = {John Muschelli},
  year = {2010},
  school = {Johns Hopkins University},
}

@Article{eloyan2014analytic,
  title = {Analytic Programming with fMRI Data: A Quick-Start Guide for Statisticians Using R},
  author = {Ani Eloyan and Shanshan Li and John Muschelli and Jim J Pekar and Stewart H Mostofsky and Brian S Caffo},
  journal = {PloS one},
  volume = {9},
  number = {2},
  pages = {e89470},
  year = {2014},
  publisher = {Public Library of Science},
}

@Article{mould2014abstract,
  title = {Abstract W MP85: MRI Demonstrates Sustained Effect of Early Surgery on Perihematomal Edema},
  author = {WA Mould and Marc Zentar and John Muschelli and JR Carhuapoma and Daniel F Hanley},
  journal = {Stroke},
  volume = {45},
  number = {Suppl 1},
  pages = {AWMP85--AWMP85},
  year = {2014},
  publisher = {Lippincott Williams \& Wilkins},
}

@Article{nebel2014disruption,
  title = {Disruption of functional organization within the primary motor cortex in children with autism},
  author = {Mary Beth Nebel and Suresh E Joel and John Muschelli and Anita D Barber and Brian S Caffo and James J Pekar and Stewart H Mostofsky},
  journal = {Human brain mapping},
  volume = {35},
  number = {2},
  pages = {567--580},
  year = {2014},
}

@Article{ziai2014abstract,
  title = {Abstract W MP86: Improving the Accuracy of the ABC/2 Estimation Technique in Spontaneous Supratentorial Intracerebral Hemorrhage},
  author = {Wendy Ziai and Saman Nekoovaght-Tak and Joshua F Betz and John Muschelli and Ryan N Fisico and Ximin Li and Daniel F Hanley},
  journal = {Stroke},
  volume = {45},
  number = {Suppl 1},
  pages = {AWMP86--AWMP86},
  year = {2014},
  publisher = {Lippincott Williams \& Wilkins},
}

@InProceedings{mould2013administration,
  title = {Administration of Tissue Plasminogen Activator to Patients with Spontaneous ICH Does Not Lead to an Increase in Perihematomal Edema},
  author = {W Andrew Mould and J Ricardo Carhuapoma and John Muschelli and Daniel F Hanley},
  booktitle = {STROKE},
  volume = {44},
  number = {2},
  year = {2013},
  organization = {LIPPINCOTT WILLIAMS \& WILKINS 530 WALNUT ST, PHILADELPHIA, PA 19106-3621 USA},
}

@Article{mould2013minimally,
  title = {Minimally Invasive Surgery plus rt-PA for Intracerebral Hemorrhage Evacuation (MISTIE) Decreases Perihematomal Edema},
  author = {W Andrew Mould and J Ricardo Carhuapoma and John Muschelli and Karen Lane and Timothy C Morgan and Nichol A McBee and Amanda J Bistran-Hall and Natalie L Ullman and Paul Vespa and Neil A Martin and {others}},
  journal = {Stroke; a journal of cerebral circulation},
  volume = {44},
  number = {3},
  pages = {627},
  year = {2013},
  publisher = {NIH Public Access},
}

@InProceedings{ullman2013catheter,
  title = {Catheter Placement and Surgical Training in the Minimally Invasive Surgery Plus rt-PA for Intracerebral Hemorrhage Evacuation Trial},
  author = {Natalie L Ullman and John Muschelli and Matthew Li and Timothy C Morgan and Issam A Awad and Mario Zuccarello and Karen Lane and Daniel F Hanley},
  booktitle = {STROKE},
  volume = {44},
  number = {2},
  year = {2013},
  organization = {LIPPINCOTT WILLIAMS \& WILKINS 530 WALNUT ST, PHILADELPHIA, PA 19106-3621 USA},
}

@Article{bundy2012ambulatory,
  title = {Ambulatory Care Connections of Medicaid-Insured Children With Sickle Cell Disease},
  author = {David G Bundy and John Muschelli and Gwendolyn D Clemens and John J Strouse and Richard E Thompson and James F Casella and Marlene R Miller},
  journal = {Pediatric Blood \& Cancer},
  year = {2012},
  publisher = {Wiley Online Library},
}

@Article{eloyan2012automated,
  title = {Automated diagnoses of attention deficit hyperactive disorder using magnetic resonance imaging},
  author = {Ani Eloyan and John Muschelli and Mary Beth Nebel and Han Liu and Fang Han and Tuo Zhao and Anita D Barber and Suresh Joel and James J Pekar and Stewart H Mostofsky and {others}},
  journal = {Frontiers in systems neuroscience},
  volume = {6},
  year = {2012},
  publisher = {Frontiers Media SA},
}

@InProceedings{hanley2012mistie,
  title = {MISTIE phase II results: safety, efficacy and surgical performance},
  author = {Daniel F Hanley and M Zuccarello and K Lane and WC Broaddus and I Awad and EF Aldrich and C Wijman and P Vespa and JL Caron and J Huang and {others}},
  booktitle = {CEREBROVASCULAR DISEASES},
  volume = {34},
  pages = {4--4},
  year = {2012},
  organization = {KARGER ALLSCHWILERSTRASSE 10, CH-4009 BASEL, SWITZERLAND},
}

@Article{hinson2012drainage,
  title = {Drainage efficiency with dual versus single catheters in severe intraventricular hemorrhage},
  author = {Holly E Hinson and Eric Melnychuk and John Muschelli and Daniel F Hanley and Issam A Awad and Wendy C Ziai},
  journal = {Neurocritical care},
  volume = {16},
  number = {3},
  pages = {399--405},
  year = {2012},
  publisher = {Humana Press Inc},
}

@Article{jaffe2012ventricular,
  title = {Ventricular catheter location and the clearance of intraventricular hemorrhage},
  author = {Jennifer Jaffe and Eric Melnychuk and John Muschelli and Wendy Ziai and Timothy Morgan and Daniel F Hanley and Issam A Awad},
  journal = {Neurosurgery},
  volume = {70},
  number = {5},
  pages = {1258},
  year = {2012},
  publisher = {NIH Public Access},
}

@Article{webb2012resolution,
  title = {Resolution of Intraventricular Hemorrhage Varies by Ventricular Region and Dose of Intraventricular Thrombolytic The Clot Lysis: Evaluating Accelerated Resolution of IVH (CLEAR IVH) Program},
  author = {Alastair JS Webb and Natalie L Ullman and Sarah Mann and John Muschelli and Issam A Awad and Daniel F Hanley},
  journal = {Stroke},
  volume = {43},
  number = {6},
  pages = {1666--1668},
  year = {2012},
  publisher = {Lippincott Williams \& Wilkins},
}

@Article{ziai2012factors,
  title = {Factors affecting clot lysis rates in patients with spontaneous intraventricular hemorrhage},
  author = {Wendy C Ziai and John Muschelli and Carol B Thompson and Penelope M Keyl and Karen Lane and Shuai Shao and Daniel F Hanley},
  journal = {Stroke},
  volume = {43},
  number = {5},
  pages = {1234--1239},
  year = {2012},
  publisher = {Lippincott Williams \& Wilkins},
}

@Article{newell2011minimally,
  title = {Minimally invasive evacuation of spontaneous intracerebral hemorrhage using sonothrombolysis},
  author = {David W Newell and M Mohsin Shah and Robert Wilcox and Douglas R Hansmann and Erik Melnychuk and John Muschelli and Daniel F Hanley},
  journal = {Journal of neurosurgery},
  volume = {115},
  number = {3},
  pages = {592},
  year = {2011},
  publisher = {NIH Public Access},
}

@Article{niedner2011epidemiology,
  title = {Epidemiology of central line--associated bloodstream infections in the pediatric intensive care unit},
  author = {Matthew F Niedner and W Charles Huskins and Elizabeth Colantuoni and John Muschelli and J Mitchell Harris II and Tom B Rice and Richard J Brilli and Marlene R Miller},
  journal = {Epidemiology},
  volume = {32},
  number = {12},
  pages = {1200--1208},
  year = {2011},
}

@InProceedings{hinson2010dual,
  title = {Dual Intraventricular Catheter Use in Severe Intraventricular Hemorrhage},
  author = {Holly E Hinson and Eric Melnychuk and John Muschelli and Daniel F Hanley and Wendy C Ziai},
  booktitle = {NEUROLOGY},
  volume = {74},
  number = {9},
  pages = {A129--A129},
  year = {2010},
  organization = {LIPPINCOTT WILLIAMS \& WILKINS 530 WALNUT ST, PHILADELPHIA, PA 19106-3621 USA},
}
