@article{hinson2012drainage,
  title={Drainage efficiency with dual versus single catheters in severe intraventricular hemorrhage},
  author={Hinson, Holly E and Melnychuk, Eric and Muschelli, John and Hanley, Daniel F and Awad, Issam A and Ziai, Wendy C},
  journal={Neurocritical care},
  volume={16},
  number={3},
  pages={399--405},
  year={2012},
  publisher={Humana Press Inc}
}

@article{newell2011minimally,
  title={Minimally invasive evacuation of spontaneous intracerebral hemorrhage using sonothrombolysis},
  author={Newell, David W and Shah, M Mohsin and Wilcox, Robert and Hansmann, Douglas R and Melnychuk, Erik and Muschelli, John and Hanley, Daniel F},
  journal={Journal of neurosurgery},
  volume={115},
  number={3},
  pages={592},
  year={2011},
  publisher={NIH Public Access}
}

@article{jaffe2012ventricular,
  title={Ventricular catheter location and the clearance of intraventricular hemorrhage},
  author={Jaffe, Jennifer and Melnychuk, Eric and Muschelli, John and Ziai, Wendy and Morgan, Timothy and Hanley, Daniel F and Awad, Issam A},
  journal={Neurosurgery},
  volume={70},
  number={5},
  pages={1258},
  year={2012},
  publisher={NIH Public Access}
}

@phdthesis{muschelli2010iterative,
  title={An Iterative Approach to Hemodynamic Response Function Temporal Derivatives in Statistical Parametric Mapping for Functional Neuroimaging},
  author={Muschelli, John},
  year={2010},
  school={Johns Hopkins University}
}

@article{niedner2011epidemiology,
  title={Epidemiology of central line-associated bloodstream infections in the pediatric intensive care unit},
  author={Niedner, Matthew F and Huskins, W Charles and Colantuoni, Elizabeth and Muschelli, John and Harris, J Mitchell and Rice, Tom B and Brilli, Richard J and Miller, Marlene R},
  journal={Infection Control},
  volume={32},
  number={12},
  pages={1200--1208},
  year={2011},
  publisher={Cambridge University Press}
}

@article{ziai2012factors,
  title={Factors affecting clot lysis rates in patients with spontaneous intraventricular hemorrhage},
  author={Ziai, Wendy C and Muschelli, John and Thompson, Carol B and Keyl, Penelope M and Lane, Karen and Shao, Shuai and Hanley, Daniel F},
  journal={Stroke},
  volume={43},
  number={5},
  pages={1234--1239},
  year={2012},
  publisher={Lippincott Williams \& Wilkins}
}

@article{webb2012resolution,
  title={Resolution of Intraventricular Hemorrhage Varies by Ventricular Region and Dose of Intraventricular Thrombolytic The Clot Lysis: Evaluating Accelerated Resolution of IVH (CLEAR IVH) Program},
  author={Webb, Alastair JS and Ullman, Natalie L and Mann, Sarah and Muschelli, John and Awad, Issam A and Hanley, Daniel F},
  journal={Stroke},
  volume={43},
  number={6},
  pages={1666--1668},
  year={2012},
  publisher={Lippincott Williams \& Wilkins}
}

@article{eloyan2012automated,
  title={Automated diagnoses of attention deficit hyperactive disorder using magnetic resonance imaging},
  author={Eloyan, Ani and Muschelli, John and Nebel, Mary Beth and Liu, Han and Han, Fang and Zhao, Tuo and Barber, Anita D and Joel, Suresh and Pekar, James J and Mostofsky, Stewart H and others},
  journal={Frontiers in systems neuroscience},
  volume={6},
  year={2012},
  publisher={Frontiers Media SA}
}

@article{eloyan2014analytic,
  title={Analytic programming with fMRI data: A quick-start guide for statisticians using R},
  author={Eloyan, Ani and Li, Shanshan and Muschelli, John and Pekar, Jim J and Mostofsky, Stewart H and Caffo, Brian S},
  journal={PloS one},
  volume={9},
  number={2},
  pages={e89470},
  year={2014}
}

@article{bundy2012ambulatory,
  title={Ambulatory Care Connections of Medicaid-Insured Children With Sickle Cell Disease},
  author={Bundy, David G and Muschelli, John and Clemens, Gwendolyn D and Strouse, John J and Thompson, Richard E and Casella, James F and Miller, Marlene R},
  journal={Pediatric Blood \& Cancer},
  year={2012},
  publisher={Wiley Online Library}
}

@article{nebel2014disruption,
  title={Disruption of functional organization within the primary motor cortex in children with autism},
  author={Nebel, Mary Beth and Joel, Suresh E and Muschelli, John and Barber, Anita D and Caffo, Brian S and Pekar, James J and Mostofsky, Stewart H},
  journal={Human brain mapping},
  volume={35},
  number={2},
  pages={567--580},
  year={2014}
}

@article{mould2013minimally,
  title={Minimally invasive surgery plus recombinant tissue-type plasminogen activator for intracerebral hemorrhage evacuation decreases perihematomal edema},
  author={Mould, W Andrew and Carhuapoma, J Ricardo and Muschelli, John and Lane, Karen and Morgan, Timothy C and McBee, Nichol A and Bistran-Hall, Amanda J and Ullman, Natalie L and Vespa, Paul and Martin, Neil A and others},
  journal={Stroke},
  volume={44},
  number={3},
  pages={627--634},
  year={2013},
  publisher={Lippincott Williams \& Wilkins}
}

@inproceedings{hinson2010dual,
  title={Dual Intraventricular Catheter Use in Severe Intraventricular Hemorrhage},
  author={Hinson, Holly E and Melnychuk, Eric and Muschelli, John and Hanley, Daniel F and Ziai, Wendy C},
  booktitle={NEUROLOGY},
  volume={74},
  number={9},
  pages={A129--A129},
  year={2010},
  organization={LIPPINCOTT WILLIAMS \& WILKINS 530 WALNUT ST, PHILADELPHIA, PA 19106-3621 USA}
}

@inproceedings{hanley2012mistie,
  title={MISTIE phase II results: safety, efficacy and surgical performance},
  author={Hanley, Daniel F and Zuccarello, M and Lane, K and Broaddus, WC and Awad, I and Aldrich, EF and Wijman, C and Vespa, P and Caron, JL and Huang, J and others},
  booktitle={CEREBROVASCULAR DISEASES},
  volume={34},
  pages={4--4},
  year={2012},
  organization={KARGER ALLSCHWILERSTRASSE 10, CH-4009 BASEL, SWITZERLAND}
}

@article{ziai2014abstract,
  title={Abstract W MP86: Improving the Accuracy of the ABC/2 Estimation Technique in Spontaneous Supratentorial Intracerebral Hemorrhage},
  author={Ziai, Wendy and Nekoovaght-Tak, Saman and Betz, Joshua F and Muschelli, John and Fisico, Ryan N and Li, Ximin and Hanley, Daniel F},
  journal={Stroke},
  volume={45},
  number={Suppl 1},
  pages={AWMP86--AWMP86},
  year={2014},
  publisher={Lippincott Williams \& Wilkins}
}

@article{mould2014abstract,
  title={Abstract W MP85: MRI Demonstrates Sustained Effect of Early Surgery on Perihematomal Edema},
  author={Mould, WA and Zentar, Marc and Muschelli, John and Carhuapoma, JR and Hanley, Daniel F},
  journal={Stroke},
  volume={45},
  number={Suppl 1},
  pages={AWMP85--AWMP85},
  year={2014},
  publisher={Lippincott Williams \& Wilkins}
}

@article{muschelli2014reduction,
  title={Reduction of motion-related artifacts in resting state fMRI using aCompCor},
  author={Muschelli, John and Nebel, Mary Beth and Caffo, Brian S and Barber, Anita D and Pekar, James J and Mostofsky, Stewart H},
  journal={Neuroimage},
  volume={96},
  pages={22--35},
  year={2014},
  publisher={Academic Press}
}

@inproceedings{ullman2013catheter,
  title={Catheter Placement and Surgical Training in the Minimally Invasive Surgery Plus rt-PA for Intracerebral Hemorrhage Evacuation Trial},
  author={Ullman, Natalie L and Muschelli, John and Li, Matthew and Morgan, Timothy C and Awad, Issam A and Zuccarello, Mario and Lane, Karen and Hanley, Daniel F},
  booktitle={STROKE},
  volume={44},
  number={2},
  year={2013},
  organization={LIPPINCOTT WILLIAMS \& WILKINS 530 WALNUT ST, PHILADELPHIA, PA 19106-3621 USA}
}

@inproceedings{mould2013administration,
  title={Administration of Tissue Plasminogen Activator to Patients with Spontaneous ICH Does Not Lead to an Increase in Perihematomal Edema},
  author={Mould, W Andrew and Carhuapoma, J Ricardo and Muschelli, John and Hanley, Daniel F},
  booktitle={STROKE},
  volume={44},
  number={2},
  year={2013},
  organization={LIPPINCOTT WILLIAMS \& WILKINS 530 WALNUT ST, PHILADELPHIA, PA 19106-3621 USA}
}

@article{muschelli2014brainr,
  title={brainR: Interactive 3 and 4d Images of High Resolution Neuroimage Data},
  author={Muschelli, John and Sweeney, Elizabeth and Crainiceanu, Ciprian},
  journal={R Journal},
  volume={6},
  number={1},
  pages={41--48},
  year={2014}
}


@article{muschelli2014binomial,
  title={Binomial Regression in R},
  author={Muschelli, John and Betz, Joshua and Varadhan, Ravi},
  journal={Handbook of Statistics: Computational Statistics with R},
  volume={32},
  pages={257},
  year={2014},
  publisher={Elsevier}
}

@article{muschelli2015validated,
  title={Validated automatic brain extraction of head CT images},
  author={Muschelli, John and Ullman, Natalie L and Mould, W Andrew and Vespa, Paul and Hanley, Daniel F and Crainiceanu, Ciprian M},
  journal={NeuroImage},
  volume={114},
  pages={379--385},
  year={2015},
  publisher={Academic Press}
}

@article{mould2015abstract,
  title={Abstract W MP114: Impact of Blood Removal on Perihematomal Apparent Diffusion Coefficients in Patients Treated with Minimally Invasive Surgery Plus rt-PA},
  author={Mould, W Andrew and Lovett, Braeden L and Muschelli, John and Hanley, Daniel F and Carhuapoma, J Ricardo},
  journal={Stroke},
  volume={46},
  number={Suppl 1},
  pages={AWMP114--AWMP114},
  year={2015},
  publisher={Lippincott Williams \& Wilkins}
}

@article{muschelli2015abstract,
  title={Abstract W P327: Quantitative Localization and Predictive Performance of Intracranial Hemorrhage},
  author={Muschelli, John and Ullman, Natlie and Hanley, Daniel and Crainiceanu, Ciprian},
  journal={Stroke},
  volume={46},
  number={Suppl 1},
  pages={AWP327--AWP327},
  year={2015},
  publisher={Lippincott Williams \& Wilkins}
}

@inproceedings{mould2015impact,
  title={Impact of Blood Removal on Perihematomal Apparent Diffusion Coefficients in Patients Treated with Minimally Invasive Surgery Plus rt-PA},
  author={Mould, W Andrew and Lovett, Braeden L and Muschelli, John and Hanley, Daniel F and Carhuapoma, J Ricardo},
  booktitle={STROKE},
  volume={46},
  year={2015},
  organization={LIPPINCOTT WILLIAMS \& WILKINS TWO COMMERCE SQ, 2001 MARKET ST, PHILADELPHIA, PA 19103 USA}
}

@article{mould2013mistie,
  title={MISTIE Investigators: minimally invasive surgery plus recombinant tissue-type plasminogen activator for intracerebral hemorrhage evacuation decreases perihematomal edema},
  author={Mould, WA and Carhuapoma, JR and Muschelli, J and Lane, K and Morgan, TC and McBee, NA and Bistran-Hall, AJ and Ullman, NL and Vespa, P and Martin, NA and others},
  journal={Stroke},
  volume={44},
  number={3},
  pages={627--634},
  year={2013}
}

@article{muschelli2015fslr,
  title={fslr: Connecting the FSL Software with R},
  author={Muschelli, John and Sweeney, Elizabeth and Lindquist, Martin and Crainiceanu, Ciprian},
  journal={R JOURNAL},
  volume={7},
  number={1},
  pages={163--175},
  year={2015},
  publisher={R FOUNDATION STATISTICAL COMPUTING WIRTSCHAFTSUNIVERSITAT, INST STATISTICS \& MATHEMATICS, AUGASSE 2-6, WIEN, 1090, AUSTRIA}
}
