%@Article{fortin2015ravel,
%  title = {Removing inter-subject technical variability in magnetic resonance imaging studies},
%  author = {Jean-Philippe Fortin and Elizabeth M. Sweeney and John Muschelli  and Ciprian M. Crainiceanu and Russell T. Shinohara and the Alzheimer's Disease Neuroimaging Initiative},
%  journal = {Preparation},
%  year = {2015}
% }
