@Article{haakonsen2017thesis,
  title = {Feasibility of Coping Effectiveness Training for Caregivers of Children with Autism Spectrum Disorder: A Genetic Counseling Intervention},
  author = {Christy Haakonsen Smith and Erin Turbitt and John Muschelli and Lori Leonard and Katie Lewis and Brian Freedman and Michelle Muratori and Barbara Biesecker},
  journal = {Journal of Genetic Counseling},
  pages = {In Press},
  year = {2017} 
 }

